<record><leader>00000cas a22000007a 4500</leader><controlfield tag="001">12789477</controlfield><controlfield tag="008">851113d1854185uwvusr ne      0    0eng d</controlfield><controlfield tag="009">6116</controlfield><datafield ind1=" " ind2=" " tag="010"><subfield code="a">sn 85059659 </subfield></datafield><datafield ind1=" " ind2=" " tag="040"><subfield code="a">WVC</subfield><subfield code="b">eng</subfield><subfield code="c">WVC</subfield><subfield code="d">DLC</subfield><subfield code="d">OCL</subfield></datafield><datafield ind1=" " ind2=" " tag="042"><subfield code="a">msc</subfield></datafield><datafield ind1="0" ind2="0" tag="245"><subfield code="a">Tocsin of reform.</subfield></datafield><datafield ind1=" " ind2=" " tag="260"><subfield code="a">Lewisburg, Va. [W. Va.] :</subfield><subfield code="b">[s.n.],</subfield><subfield code="c">1854-</subfield></datafield><datafield ind1=" " ind2=" " tag="300"><subfield code="a">v.</subfield></datafield><datafield ind1=" " ind2=" " tag="310"><subfield code="a">Semimonthly</subfield></datafield><datafield ind1="0" ind2=" " tag="362"><subfield code="a">Vol. 1, no. 1 (Oct. 1, 1854)-</subfield></datafield><datafield ind1=" " ind2=" " tag="500"><subfield code="a">"Temperance."</subfield></datafield><datafield ind1=" " ind2=" " tag="500"><subfield code="a">Editor: J.C.L. Cummings.</subfield></datafield><datafield ind1=" " ind2=" " tag="752"><subfield code="a">United States</subfield><subfield code="b">West Virginia</subfield><subfield code="c">Greenbrier</subfield><subfield code="d">Lewisburg.</subfield></datafield></record>